<record><leader>00000cas a2200000 a 4500</leader><controlfield tag="001">9817024</controlfield><controlfield tag="008">830817d18641865ncudn ne      0   a0eng d</controlfield><datafield ind1=" " ind2=" " tag="010"><subfield code="a">sn 83025813 </subfield></datafield><datafield ind1=" " ind2=" " tag="040"><subfield code="a">NPV</subfield><subfield code="b">eng</subfield><subfield code="c">NPV</subfield><subfield code="d">DLC</subfield><subfield code="d">NPU</subfield><subfield code="d">DLC</subfield><subfield code="d">NPX</subfield><subfield code="d">NPA</subfield><subfield code="d">NLG</subfield><subfield code="d">NVJ</subfield><subfield code="d">OCL</subfield><subfield code="d">KNP</subfield><subfield code="d">NVK</subfield><subfield code="d">NVJ</subfield><subfield code="d">DLC</subfield><subfield code="d">OCL</subfield><subfield code="d">OCLCQ</subfield><subfield code="d">DLC</subfield><subfield code="d">OCLCQ</subfield><subfield code="d">KRTAS</subfield><subfield code="d">OCLCF</subfield><subfield code="d">OCLCO</subfield><subfield code="d">NDD</subfield><subfield code="d">DLC</subfield></datafield><datafield ind1=" " ind2=" " tag="019"><subfield code="a">15277583</subfield></datafield><datafield ind1="0" ind2=" " tag="022"><subfield code="a">2474-0799</subfield><subfield code="2">1</subfield></datafield><datafield ind1=" " ind2=" " tag="042"><subfield code="a">msc</subfield><subfield code="a">nsdp</subfield></datafield><datafield ind1=" " ind2=" " tag="043"><subfield code="a">n-usu--</subfield><subfield code="a">n-us-nc</subfield></datafield><datafield ind1=" " ind2=" " tag="045"><subfield code="a">w6w6</subfield></datafield><datafield ind1="0" ind2="0" tag="050"><subfield code="a">Newspaper</subfield></datafield><datafield ind1=" " ind2=" " tag="052"><subfield code="a">3903</subfield><subfield code="b">W2</subfield></datafield><datafield ind1="1" ind2="0" tag="082"><subfield code="a">071</subfield><subfield code="2">23</subfield></datafield><datafield ind1="0" ind2=" " tag="130"><subfield code="a">Daily confederate (Raleigh, N.C.)</subfield></datafield><datafield ind1=" " ind2="4" tag="222"><subfield code="a">The daily confederate</subfield><subfield code="b">(Raleigh, N.C. Print)</subfield></datafield><datafield ind1="1" ind2="4" tag="245"><subfield code="a">The daily confederate.</subfield></datafield><datafield ind1="3" ind2="0" tag="246"><subfield code="a">Confederate</subfield></datafield><datafield ind1=" " ind2=" " tag="260"><subfield code="a">Raleigh, N.C. :</subfield><subfield code="b">A.M. Gorman &amp; Co.,</subfield><subfield code="c">1864-</subfield></datafield><datafield ind1=" " ind2=" " tag="300"><subfield code="a">v. ;</subfield><subfield code="c">60 cm.</subfield></datafield><datafield ind1=" " ind2=" " tag="310"><subfield code="a">Daily (except Sunday)</subfield></datafield><datafield ind1="0" ind2=" " tag="362"><subfield code="a">Vol. 1, no. 1 (Jan. 26, 1864)- = old ser., v. 5-</subfield></datafield><datafield ind1="1" ind2=" " tag="362"><subfield code="a">Ceased in 1865.</subfield></datafield><datafield ind1=" " ind2=" " tag="530"><subfield code="a">Available on microfilm from North Carolina Dept. of Archives and History, Div. of Archives and Manuscripts.</subfield></datafield><datafield ind1=" " ind2=" " tag="530"><subfield code="a">Archived issues are available in digital format from the Library of Congress Chronicling America online collection.</subfield></datafield><datafield ind1=" " ind2=" " tag="580"><subfield code="a">Weekly ed.: Weekly confederate (Raleigh, N.C.), 1864-1865.</subfield></datafield><datafield ind1=" " ind2=" " tag="580"><subfield code="a">Triweekly ed.: Confederate (Raleigh, N.C. : Triweekly), 1864.</subfield></datafield><datafield ind1=" " ind2="0" tag="651"><subfield code="a">Confederate States of America</subfield><subfield code="v">Newspapers.</subfield></datafield><datafield ind1=" " ind2="0" tag="651"><subfield code="a">Raleigh (N.C.)</subfield><subfield code="v">Newspapers.</subfield></datafield><datafield ind1=" " ind2="7" tag="651"><subfield code="a">North Carolina</subfield><subfield code="z">Raleigh.</subfield><subfield code="2">fast</subfield><subfield code="0">(OCoLC)fst01206341</subfield></datafield><datafield ind1=" " ind2="7" tag="651"><subfield code="a">United States</subfield><subfield code="z">Confederate States of America.</subfield><subfield code="2">fast</subfield><subfield code="0">(OCoLC)fst01205435</subfield></datafield><datafield ind1=" " ind2="7" tag="655"><subfield code="a">Newspapers.</subfield><subfield code="2">fast</subfield><subfield code="0">(OCoLC)fst01423814</subfield></datafield><datafield ind1=" " ind2=" " tag="752"><subfield code="a">United States</subfield><subfield code="b">North Carolina</subfield><subfield code="c">Wake</subfield><subfield code="d">Raleigh.</subfield></datafield><datafield ind1="1" ind2=" " tag="775"><subfield code="t">Weekly confederate (Raleigh, N.C.)</subfield><subfield code="w">(DLC)sn 86077149</subfield><subfield code="w">(OCoLC)14147669</subfield></datafield><datafield ind1="1" ind2=" " tag="775"><subfield code="t">Confederate (Raleigh, N.C. : Triweekly)</subfield><subfield code="w">(DLC)sn 93065736</subfield><subfield code="w">(OCoLC)27346343</subfield></datafield><datafield ind1="0" ind2="8" tag="776"><subfield code="i">Online version:</subfield><subfield code="t">Daily confederate (Raleigh, N.C.)</subfield><subfield code="x">2474-0802</subfield><subfield code="w">(DLC)  2016271151</subfield><subfield code="w">(OCoLC)957972892</subfield></datafield><datafield ind1="0" ind2="0" tag="780"><subfield code="t">Daily state journal (Raleigh, N.C. : 1862)</subfield><subfield code="w">(DLC)sn 84020754</subfield><subfield code="w">(OCoLC)11507068</subfield></datafield><datafield ind1="4" ind2="1" tag="856"><subfield code="u">http://www.loc.gov/chroniclingamerica/lccn/sn83025813/issues</subfield></datafield><datafield ind1=" " ind2=" " tag="938"><subfield code="a">Kirtas Technologies, Inc.</subfield><subfield code="b">KRTS</subfield><subfield code="n">737277</subfield></datafield><datafield ind1="1" ind2=" " tag="029"><subfield code="a">AU@</subfield><subfield code="b">000026221541</subfield></datafield></record>